@INPROCEEDINGS{GPU-SFFT, 
    author={O. {Artiles} and F. {Saeed}}, 
    booktitle={2019 IEEE International Conference on Big Data (Big Data)}, 
    title={GPU-SFFT: A GPU based parallel algorithm for computing the Sparse Fast Fourier Transform (SFFT) of k-sparse signals}, 
    year={2019}, 
    volume={}, 
    number={}, 
    pages={3303-3311},
} 


@manual{cuFFT,
	title		= "cuFFT CUDA Toolkit",
	?_author		= "NVIDIA",
	?_organization	= "NVIDIA",
	?_address	= "",
	?_edition	= "v10.2.89",
	year		= "2019",
	?_month		= "November",
	?_note		= "",
}

@manual{thrust,
	title		= "Thrust CUDA Toolkit",
	?_author		= "NVIDIA",
	?_organization	= "NVIDIA",
	?_address	= "",
	?_edition	= "v10.2.89",
	year		= "2019",
	?_month		= "November",
	?_note		= "",
}


@inproceedings{MIT-SFFT,
    author = {Hassanieh, Haitham and Indyk, Piotr and Katabi, Dina and Price, Eric},
    title = {Simple and Practical Algorithm for Sparse Fourier Transform},
    year = {2012},
    publisher = {Society for Industrial and Applied Mathematics},
    address = {USA},
    booktitle = {Proceedings of the Twenty-Third Annual ACM-SIAM Symposium on Discrete Algorithms},
    pages = {1183–1194},
    numpages = {12},
    location = {Kyoto, Japan},
    series = {SODA ’12}
}

  
@Article{FFTW,
  author = 	 {Frigo, Matteo and Johnson, Steven~G.},
  title = 	 {The Design and Implementation of {FFTW3}},
  journal = 	 {Proceedings of the IEEE},
  year = 	 2005,
  volume =	 93,
  number =	 2,
  pages =	 {216--231},
  note =	 {Special issue on ``Program Generation, Optimization, and Platform Adaptation''
}


@misc{unifiedMemory, 
    title={Unified Memory for CUDA Beginners}, url={https://devblogs.nvidia.com/unified-memory-cuda-beginners/}, 
    journal={NVIDIA Developer Blog}, 
    author={Harris, Mark},
    year={2018},
    month={Apr}
}